@article{vesta,
authors = {K. Momma and F. Izumi}, 
title = {VESTA 3 for three-dimensional visualization of crystal, volumetric and morphology data},
journal = {J. Appl. Crystallogr}, 
volume = {44}, 
pages = {1272-1276}, 
year = {2011}
}

@article{PhysRevLett92,
  title = {First Principles Calculation of Anomalous Hall Conductivity in Ferromagnetic bcc Fe},
  author = {Yao, Yugui and Kleinman, Leonard and MacDonald, A. H. and Sinova, Jairo and Jungwirth, T. and Wang, Ding-sheng and Wang, Enge and Niu, Qian},
  journal = {Phys. Rev. Lett.},
  volume = {92},
  issue = {3},
  pages = {037204},
  year = {2004}
}

@article{PhysRevB74,
  title = {Ab initio calculation of the anomalous Hall conductivity by Wannier interpolation},
  author = {Wang, Xinjie and Yates, Jonathan R. and Souza, Ivo and Vanderbilt, David},
  journal = {Phys. Rev. B},
  volume = {74},
  issue = {19},
  pages = {195118},
  year = {2006}
}


@article{PhysRevB85,
  title = {Wannier-based calculation of the orbital magnetization in crystals},
  author = {Lopez, M. G. and Vanderbilt, David and Thonhauser, T. and Souza, Ivo},
  journal = {Phys. Rev. B},
  volume = {85},
  issue = {1},
  pages = {014435},
  year = {2012}
}

@article{Sakuma,
  title = {Symmetry-adapted Wannier functions in the maximal localization procedure},
  author = {Sakuma, R.},
  journal = {Phys. Rev. B},
  volume = {87},
  issue = {23},
  pages = {235109},
  numpages = {8},
  year = {2013},
  month = {Jun},
  publisher = {American Physical Society}
}

@article{marzarivanderbilt1997,
  title = {Maximally localized generalized Wannier functions for composite energy bands},
  author = {Marzari, Nicola and Vanderbilt, David},
  journal = {Phys. Rev. B},
  volume = {56},
  issue = {20},
  pages = {12847--12865},
  numpages = {0},
  year = {1997},
  month = {Nov},
  publisher = {American Physical Society}
}

@article{MMYSV_RMP84,
  title = {Maximally localized Wannier functions: Theory and applications},
  author = {Marzari, Nicola and Mostofi, Arash A. and Yates, Jonathan R. and Souza, Ivo and Vanderbilt, David},
  journal = {Rev. Mod. Phys.},
  volume = {84},
  issue = {4},
  pages = {1419--1475},
  numpages = {0},
  year = {2012},
  month = {Oct},
  publisher = {American Physical Society}
}

@article{SMV_PRB65,
  title = {Maximally localized Wannier functions for entangled energy bands},
  author = {Souza, Ivo and Marzari, Nicola and Vanderbilt, David},
  journal = {Phys. Rev. B},
  volume = {65},
  issue = {3},
  pages = {035109},
  numpages = {13},
  year = {2001},
  month = {Dec},
  publisher = {American Physical Society}
}

@article{bilbaocrystserver,
author = "Aroyo, Mois I. and Kirov, Asen and Capillas, Cesar and Perez-Mato, J. M. and Wondratschek, Hans",
title = "{Bilbao Crystallographic Server. II. Representations of crystallographic point groups and space groups}",
journal = "Acta Crystallographica Section A",
year = "2006",
volume = "62",
number = "2",
pages = "115--128"
}

@article{qiao-prb2018,
	title = {Calculation of intrinsic spin Hall conduc
	tivity by Wannier interpolation},
	author = {Qiao, Junfeng and Zhou, Jiaqi and Yuan, 
	Zhe and Zhao, Weisheng},
	journal = {Phys. Rev. B},
	volume = {98},
	issue = {21},
	pages = {214402},
	numpages = {10},
	year = {2018},
	month = {Dec},
	publisher = {American Physical Society},
	doi = {10.1103/PhysRevB.98.214402},
	url = {https://link.aps.org/doi/10.1103/PhysRevB.9
	8.214402}
}

@article{guo-prl2008,
	title = {Intrinsic Spin Hall Effect in Platinum: First-Principles Calculations},
	author = {Guo, G. Y. and Murakami, S. and Chen, T.-W. and Nagaosa, N.},
	journal = {Phys. Rev. Lett.},
	volume = {100},
	issue = {9},
	pages = {096401},
	numpages = {4},
	year = {2008},
	month = {Mar},
	publisher = {American Physical Society},
	doi = {10.1103/PhysRevLett.100.096401},
	url = {https://link.aps.org/doi/10.1103/PhysRevLett.100.096401}
}